% Encoding: GBK

@Article{Li2004,
  author    = {Z. Li and H. Yan and T. Ai and J. Chen},
  title     = {Automated building generalization based on urban morphology and Gestalt theory},
  journal   = {International Journal of Geographical Information Science},
  year      = {2004},
  volume    = {18},
  number    = {5},
  pages     = {513--534},
  doi       = {10.1080/13658810410001702021},
  eprint    = {http://www.tandfonline.com/doi/pdf/10.1080/13658810410001702021},
  owner     = {Dongliang},
  timestamp = {2017.08.24},
  url       = {http://www.tandfonline.com/doi/abs/10.1080/13658810410001702021},
}

@Comment{jabref-meta: databaseType:bibtex;}
